<?xml version="1.0" encoding="UTF-8"?><collection xmlns="http://www.loc.gov/MARC21/slim"><record><leader>00432nam--2200157-i-4500</leader><controlfield tag="001">000029106</controlfield><controlfield tag="002">20161230</controlfield><controlfield tag="005">20170125132844</controlfield><controlfield tag="008">060222s1000------------r-----000-0-eng-d</controlfield><datafield ind1=" " ind2=" " tag="080"><subfield code="a">801.323.2=590=20</subfield></datafield><datafield ind1=" " ind2=" " tag="100"><subfield code="a">Levitchi, Leon</subfield></datafield><datafield ind1=" " ind2=" " tag="245"><subfield code="a">Dictionar roman-englez. ed.a III-a revazuta de autor si de Andrei Bantas</subfield></datafield><datafield ind1=" " ind2=" " tag="260"><subfield code="a">Bucuresti</subfield><subfield code="b">Ed.Stiintific</subfield><subfield code="c">1973</subfield></datafield><datafield ind1=" " ind2=" " tag="300"><subfield code="a">1084 p</subfield></datafield><datafield ind1=" " ind2=" " tag="852"><subfield code="a">D.497</subfield></datafield><datafield ind1=" " ind2=" " tag="CAT"><subfield code="a">SYS</subfield><subfield code="c">20170125</subfield><subfield code="h">132844</subfield></datafield></record></collection>